@misc{A000984,
  author = {OEIS Foundation Inc.},
  howpublished = {\url{https://oeis.org/A000984}},
  title = {{Entry A000984 in The On-Line Encyclopedia of Integer Sequences}},
  publisher = {OEIS Foundation Inc.},
  note = {{Central Binomial Coefficients}},
  year = {2024}
}
@misc{A001316,
  author = {OEIS Foundation Inc.},
  howpublished = {\url{https://oeis.org/A001316}},
  title = {{Entry A001316 in The On-Line Encyclopedia of Integer Sequences}},
  note = {{Gould's Sequence}},
  year = {2024}
}
@misc{A002426,
  author = {OEIS Foundation Inc.},
  howpublished = {\url{https://oeis.org/A002426}},
  title = {{Entry A002426 in The On-Line Encyclopedia of Integer Sequences}},
  year = {2024}
}
@misc{A026375,
  author = {OEIS Foundation Inc.},
  howpublished = {\url{https://oeis.org/A026375}},
  title = {{Entry A026375 in The On-Line Encyclopedia of Integer Sequences}},
  note = {{Binomial Transform of the Central Binomial Coefficients}},
  year = {2024}
}
@misc{A368655,
  author = {OEIS Foundation Inc.},
  howpublished = {\url{https://oeis.org/A368655}},
  title = {{Entry A368655 in The On-Line Encyclopedia of Integer Sequences}},
  note = {{Binomial Transform of Gould's Sequence}},
  year = {2024}
}
@article{Glaisher1899,
  author    = {J. W. L. Glaisher},
  title     = {{On the Residue of a Binomial-Theorem Coefficient with Respect to a Prime Modulus}},
  journal   = {The Quarterly Journal of Pure and Applied Mathematics},
  volume    = {30},
  year      = {1899},
  pages     = {150--156},
}
@article{Kummer1852,
    url = {https://doi.org/10.1515/crll.1852.44.93},
    title = {{Über die Ergänzungssätze zu den allgemeinen Reciprocitätsgesetzen}},
    author = {E.E. Kummer},
    pages = {93--146},
    volume = {44},
    journal = {Journal für die reine und angewandte Mathematik},
    doi = {doi:10.1515/crll.1852.44.93},
    year = {1852}
}
@book{Lin2004,
  title={Error Control Coding},
  author={{S. Lin and D. J. Costello}},
  year={2004},
  publisher={Pearson Prentice Hall},
  isbn={978-0130179736}
}
@book{knuth1997art,
  title={The Art of Computer Programming, Volume 2: Seminumerical Algorithms},
  author={D. Knuth},
  isbn={978-0-201-89684-8},
  series={Art of Computer Programming},
  year={1997},
  publisher={Addison-Wesley}
}

@article{dube1990grobner,
author = {T. W. Dub\'{e}},
title = {{The Structure of Polynomial Ideals and Gröbner Bases}},
journal = {SIAM Journal on Computing},
volume = {19},
number = {4},
pages = {750-773},
year = {1990},
doi = {10.1137/0219053},
URL = {https://epubs.siam.org/doi/10.1137/0219053}
}

@article{buchberger1976algorithm,
author = {B. Buchberger},
title = {{A Theoretical Basis for the Reduction of Polynomials to Canonical Forms}},
year = {1976},
issue_date = {August 1976},
publisher = {Association for Computing Machinery},
address = {New York, NY, USA},
volume = {10},
number = {3},
issn = {0163-5824},
url = {https://dl.acm.org/doi/10.1145/1088216.1088219},
doi = {10.1145/1088216.1088219},
journal = {SIGSAM Bulletin},
month = {aug},
pages = {19–29},
numpages = {11}
}