@book{stewart2007calculus,
  title={Calculus: Early Transcendentals},
  author={Stewart, James},
  year={2007},
  publisher={Cengage Learning}
}

@book{rosen2011discrete,
  title={Discrete Mathematics and Its Applications},
  author={Rosen, Kenneth H},
  year={2011},
  publisher={McGraw-Hill Science/Engineering/Math}
}

@book{brualdi1992introductory,
  title={Introductory Combinatorics},
  author={Brualdi, Richard A},
  year={1992},
  publisher={Prentice Hall}
}

@book{niven2008introduction,
  title={An Introduction to the Theory of Numbers},
  author={Niven, Ivan and Zuckerman, Herbert S and Montgomery, Hugh L},
  year={2008},
  publisher={John Wiley \& Sons}
}

@misc{arupinski,
  author = {Rupinski A.},
  year = {2012},
  howpublished = {\url{https://mathoverflow.net/questions/91827/}},
  note = {Accessed: 2023-08-05},
  title = {Mathoverflow: Application of polynomials with non-negative coefficients},
  publisher = {mathoverflow.net}
}

@misc{jcook,
  author = {Cook J.},
  year = {2012},
  howpublished = {\url{https://www.johndcook.com/blog/2012/03/27/polynomial-trick/}},
  note = {Accessed: 2023-08-05},
  title = {Polynomial determined by two inputs},
  publisher = {johndcook.com}
}

@book{cormen2009introduction,
  title={Introduction to Algorithms},
  author={Cormen, Thomas H and Leiserson, Charles E and Rivest, Ronald L and Stein, Clifford},
  year={2009},
  publisher={MIT press}
}

@misc{A023037,
  author = {David W. Wilson},
  howpublished = {\url{https://oeis.org/A023037}},
  note = {Accessed: 2023-08-07},
  title = {Entry A023037 in The On-Line Encyclopedia of Integer Sequences},
  publisher = {OEIS Foundation Inc.},
  year = {2023}
}

@book{burden2011numerical,
  title={Numerical Analysis},
  author={Burden, Richard L and Faires, J Douglas and Burden, Annette M},
  year={2011},
  publisher={Brooks/Cole, Cengage Learning},
  address={Boston, MA},
  edition={9th},
  note={See especially the chapters on polynomial interpolation.}
}

@book{kincaid2012numerical,
  title={Numerical Analysis: Mathematics of Scientific Computing},
  author={Kincaid, David R and Cheney, E Ward},
  year={2012},
  publisher={American Mathematical Soc.},
  note={Particularly relevant are the sections on polynomial interpolation methods.}
}

@article{berrut2004barycentric,
  title={Barycentric Lagrange Interpolation},
  author={Berrut, Jean-Paul and Trefethen, Lloyd N},
  journal={SIAM Review},
  volume={46},
  number={3},
  pages={501--517},
  year={2004},
  publisher={SIAM},
  doi={10.1137/S0036144502417715}
}

@book{cheney2013course,
  title={A Course in Approximation Theory},
  author={Cheney, Elliott Ward and Light, William Allan},
  year={2013},
  publisher={American Mathematical Soc.},
  note={The chapters on polynomial interpolation provide an in-depth analysis of the topic.}
}
