@misc{depanafieu2023combinatorics,
title={Combinatorics of nondeterministic walks}, 
author={Ã‰lie de Panafieu and Michael Wallner},
year={2023},
eprint={2311.03234},
archivePrefix={arXiv},
primaryClass={math.CO},
url={https://arxiv.org/abs/2311.03234}
}