@misc{A001316,
  author = {N. J. A. Sloane},
  howpublished = {\url{https://oeis.org/A001316}},
  note = {Accessed: October 12 2023},
  title = {Entry A001316 in The On-Line Encyclopedia of Integer Sequences},
  publisher = {OEIS Foundation Inc.},
  year = {2023}
}
@misc{A000984,
  author = {N. J. A. Sloane},
  howpublished = {\url{https://oeis.org/A000984}},
  note = {Accessed: October 12 2023},
  title = {Entry A000984 in The On-Line Encyclopedia of Integer Sequences},
  publisher = {OEIS Foundation Inc.},
  year = {2023}
}
@article{Lucas1876,
  author    = {Edouard Lucas},
  title     = {Théorie des Nombres},
  journal   = {Bulletin de la Société Mathématique de France},
  volume    = {4},
  year      = {1876},
  pages     = {49--54},
  doi       = {10.24033/bsmf.454},
  url       = {https://eudml.org/doc/76976},
}
@article{Glaisher1899,
  author    = {J. W. L. Glaisher},
  title     = {On the Residue of a Binomial-Theorem Coefficient with Respect to a Prime Modulus},
  journal   = {The Quarterly Journal of Pure and Applied Mathematics},
  volume    = {30},
  year      = {1899},
  pages     = {150--156},
  note      = {See in particular the final paragraph of p. 156.},
  doi       = {10.1017/S0013091500003501},
}
@article{Kummer1857,
  author    = {Ernst Eduard Kummer},
  title     = {Ueber die Teilbarkeit der Zahlen durch ihre grössten gemeinschaftlichen Theiler},
  journal   = {Journal für die reine und angewandte Mathematik},
  volume    = {54},
  year      = {1857},
  pages     = {313--321},
  doi       = {10.1515/crll.1857.54.313},
  url       = {https://eudml.org/doc/148450},
}
@book{Graham1994,
  title={Concrete Mathematics: A Foundation for Computer Science},
  author={Graham, Ronald L and Knuth, Donald E and Patashnik, Oren},
  year={1994},
  publisher={Addison-Wesley},
}
@book{Lin2004,
  title={Error Control Coding},
  author={Lin, Shu and Costello, Daniel J.},
  year={2004},
  publisher={Pearson Prentice Hall},
  isbn={978-0130179736},
  note={See sections related to Hamming weight for detailed discussions.}
}