@misc{A000045,
  author = {OEIS Foundation Inc.},
  howpublished = {\url{https://oeis.org/A000045}},
  title = {{Fibonacci Numbers - Entry A000045 in The On-Line Encyclopedia of Integer Sequences}},
  publisher = {OEIS Foundation Inc.},
  year = {2024}
}

@misc{A000079,
  author = {OEIS Foundation Inc.},
  howpublished = {\url{https://oeis.org/A000045}},
  title = {{Powers of 2 - Entry A000079 in The On-Line Encyclopedia of Integer Sequences}},
  publisher = {OEIS Foundation Inc.},
  year = {2024}
}

@misc{A000129,
  author = {OEIS Foundation Inc.},
  howpublished = {\url{https://oeis.org/A000129}},
  title = {{Pell Numbers - Entry A000129 in The On-Line Encyclopedia of Integer Sequences}},
  publisher = {OEIS Foundation Inc.},
  year = {2024}
}

@misc{A000984,
  author = {OEIS Foundation Inc.},
  howpublished = {\url{https://oeis.org/A000984}},
  title = {{Central Binomial Coefficients - Entry A000984 in The On-Line Encyclopedia of Integer Sequences}},
  publisher = {OEIS Foundation Inc.},
  year = {2024}
}

@misc{shunia2023simple,
  title={{A Simple Formula for Binomial Coefficients Revealed Through Polynomial Encoding}}, 
  author={Joseph M. Shunia},
  year={2023},
  eprint={2312.00301},
  archivePrefix={arXiv},
  primaryClass={math.GM},
  note={{Unpublished Preprint}},
  url = {https://arxiv.org/abs/2312.00301}
}

@book{grimaldi2004discrete,
  title={Discrete and Combinatorial Mathematics},
  author={{R. P. Grimaldi}},
  year={2004},
  publisher={Pearson Education India},
  isbn={978-0321385024}
}

@article{hubbard2001roots,
  title={{How to Find All Roots of Complex Polynomials by Newton's Method}},
  author={{J. Hubbard, D. Schleicher, S. Sutherland}},
  year={2001},
  journal={Inventiones mathematicae},
  volume={146},
  issue={1},
  pages={1-33},
  doi={10.1007/s002220100149}
}

@article{harvey2009kronecker,
  title={{Faster Polynomial Multiplication via Multipoint Kronecker Substitution}},
  author={{D. Harvey}},
  journal={Journal of Symbolic Computation},
  year={2009},
  volume={44},
  issue={10},
  doi={10.1016/j.jsc.2009.05.004}
}

@misc{harvey2014faster,
      title={{Faster Polynomial Multiplication Over Finite Fields}}, 
      author={{D. Harvey, J. van der Hoeven, and G. Lecerf}},
      year={2014},
      eprint={1407.3361},
      archivePrefix={arXiv},
      primaryClass={cs.CC}
}

@article{kronecker1882,
    author = {{L. Kronecker}},
    journal = {Journal für die reine und angewandte Mathematik},
    language = {ger},
    pages = {1-122},
    title = {{Grundzüge einer arithmetischen Theorie der algebraischen Grössen. (Abdruck einer Festschrift zu Herrn E. E. Kummers Doctor-Jubiläum, 10. September 1881.).}},
    url = {http://eudml.org/doc/148487},
    volume = {92},
    year = {1882}
}

@article{dumas2011simulataneous,
    title = {{Simultaneous Modular Reduction and Kronecker Substitution for Small Finite Fields}},
    journal = {Journal of Symbolic Computation},
    volume = {46},
    number = {7},
    pages = {823-840},
    year = {2011},
    issn = {0747-7171},
    doi = {https://doi.org/10.1016/j.jsc.2010.08.015},
    url = {https://www.sciencedirect.com/science/article/pii/S0747717110001458},
    author = {{J. Dumas, L. Fousse, and B. Salvy}}
}

@misc{bos2020postquantum,
    author = {{J. W. Bos, J. Renes, C. van Vredendaal}},
    title = {{Post-Quantum Cryptography with Contemporary Co-Processors: Beyond Kronecker, Schönhage-Strassen and Nussbaumer}},
    howpublished = {Cryptology ePrint Archive, Paper 2020/1303},
    year = {2020},
    url = {https://eprint.iacr.org/2020/1303}
}

@misc{greuet2022modular,
    author = {{A. Greuet, S. Montoya, and C. Vermeersch}},
    title = {{Modular Polynomial Multiplication Using RSA/ECC coprocessor}},
    howpublished = {Cryptology ePrint Archive, Paper 2022/879},
    year = {2022},
    url = {https://eprint.iacr.org/2022/879}
}

@misc{albrecht2018implementing,
    author = {{M. R. Albrecht, C. Hanser, A. Hoeller, T. Pöppelmann, F. Virdia, and A. Wallner}},
    title = {{Implementing RLWE-based Schemes Using an RSA Co-Processor}},
    howpublished = {Cryptology ePrint Archive, Paper 2018/425},
    year = {2018},
    url = {https://eprint.iacr.org/2018/425}
}

@misc{mathoverflow2012application,
  author = {{Mathoverflow Users}},
  year = {2012},
  url = {https://mathoverflow.net/questions/91827},
  title = {{Application of Polynomials with Non-Negative Coefficients}},
  publisher = {MathOverflow},
  note = {MathOverflow Discussion}
}

@misc{jcook2012polynomial,
  author = {{J. D. Cook}},
  year = {2012},
  url = {https://johndcook.com/blog/2012/03/27/polynomial-trick},
  title = {{Polynomial Determined by Two Inputs}},
  publisher = {johndcook.com},
  note = {Blog Post}
}

@misc{reddit2023determine,
  author = {{Reddit Users}},
  year = {2023},
  url = {https://www.reddit.com/r/math/comments/yx0i7r/determine_a_polynomial_from_just_two_inputs},
  title = {{Determine a Polynomial from Just Two Inputs}},
  publisher = {Reddit},
  note = {Reddit Discussion}
}

@inproceedings{greuet2022quotient,
  author={{A. Greuet, S. Montoya, and C. Vermeersch}},
  booktitle={{2022 IEEE 29th Symposium on Computer Arithmetic (ARITH)}}, 
  title={Quotient Approximation Modular Reduction}, 
  year={2022},
  volume={},
  number={},
  pages={103-110},
  doi={10.1109/ARITH54963.2022.00028},
  url={https://ieeexplore.ieee.org/abstract/document/9974386}
}

@misc{hankin2015fibonacci,
  author = {{P. Hankin}},
  year = {2015},
  url = {https://blog.paulhankin.net/fibonacci},
  title = {{An Integer Formula for Fibonacci Numbers}},
  note = {Blog Post}
}

@misc{hankin2018fibonacci2,
  author = {{P. Hankin, F. Rideau}},
  year = {2018},
  url = {https://blog.paulhankin.net/fibonacci2},
  title = {{A Novel and Efficient Way to Compute Fibonacci Numbers}},
  note = {Blog Post}
}

@misc{shunia2023polynomial,
    title={{A Polynomial Ring Connecting Central Binomial Coefficients and Gould's Sequence}}, 
    author={{J. M. Shunia}},
    year={2023},
    eprint={2312.00302},
    archivePrefix={arXiv},
    primaryClass={math.GM},
    note={{Unpublished Preprint}},
    url = {https://arxiv.org/abs/2312.00302}
}