@book{stewart2007calculus,
  title={Calculus: Early Transcendentals},
  author={Stewart, James},
  year={2007},
  publisher={Cengage Learning}
}

@book{rosen2011discrete,
  title={Discrete Mathematics and Its Applications},
  author={Rosen, Kenneth H},
  year={2011},
  publisher={McGraw-Hill Science/Engineering/Math}
}

@book{niven2008introduction,
  title={An Introduction to the Theory of Numbers},
  author={Niven, Ivan and Zuckerman, Herbert S and Montgomery, Hugh L},
  year={2008},
  publisher={John Wiley \& Sons}
}

@misc{arupinski,
  author = {Rupinski A.},
  year = {2012},
  howpublished = {\url{https://mathoverflow.net/questions/91827/}},
  note = {Accessed: 2023-08-05},
  title = {Mathoverflow: Application of polynomials with non-negative coefficients},
  publisher = {mathoverflow.net}
}

@misc{jcook,
  author = {Cook J.},
  year = {2012},
  howpublished = {\url{https://www.johndcook.com/blog/2012/03/27/polynomial-trick/}},
  note = {Accessed: 2023-08-05},
  title = {Polynomial determined by two inputs},
  publisher = {johndcook.com}
}

@book{cormen2009introduction,
  title={Introduction to Algorithms},
  author={Cormen, Thomas H and Leiserson, Charles E and Rivest, Ronald L and Stein, Clifford},
  year={2009},
  publisher={MIT press}
}

@misc{A023037,
  author = {David W. Wilson},
  howpublished = {\url{https://oeis.org/A023037}},
  note = {Accessed: 2023-08-07},
  title = {Entry A023037 in The On-Line Encyclopedia of Integer Sequences},
  publisher = {OEIS Foundation Inc.},
  year = {2023}
}

@book{burden2011numerical,
  title={Numerical Analysis},
  author={Burden, Richard L and Faires, J Douglas and Burden, Annette M},
  year={2011},
  publisher={Brooks/Cole, Cengage Learning},
  address={Boston, MA},
  edition={9th}
}

@book{kincaid2012numerical,
  title={Numerical Analysis: Mathematics of Scientific Computing},
  author={Kincaid, David R and Cheney, E Ward},
  year={2012},
  publisher={American Mathematical Soc.}
}

@article{berrut2004barycentric,
  title={Barycentric Lagrange Interpolation},
  author={Berrut, Jean-Paul and Trefethen, Lloyd N},
  journal={SIAM Review},
  volume={46},
  number={3},
  pages={501--517},
  year={2004},
  publisher={SIAM},
  doi={10.1137/S0036144502417715}
}

@book{cheney2013course,
  title={A Course in Approximation Theory},
  author={Cheney, Elliott Ward and Light, William Allan},
  year={2013},
  publisher={American Mathematical Soc.}
}

@book{graham1994concrete,
    title={Concrete mathematics: a foundation for computer science},
    author={Graham, Ronald L. and Knuth, Donald Ervin and Patashnik, Oren},
    year={1994},
    publisher={Addison-Wesley Professional}
}

@book{brualdi2010intro,
    title={Introductory Combinatorics},
    author={Brualdi, Richard A.},
    year={2010},
    publisher={Pearson}
}

@book{koblitz1994course,
  title={A Course in Number Theory and Cryptography},
  author={Koblitz, Neal},
  year={1994},
  publisher={Springer-Verlag},
  edition={2nd}
}

@article{harveyvanderhoeven2021,
  title={Integer multiplication in time O(n log n)},
  author={David Harvey, Joris van Der Hoeven},
  journal={Annals of Mathematics},
  year={2021},
  doi={10.4007/annals.2021.193.2.4.hal-02070778v2}
}

@book{grimaldi2004discrete,
  title={Discrete and Combinatorial Mathematics},
  author={Grimaldi, Ralph P},
  year={2004},
  publisher={Pearson Education India}
}

@article{harvey2009kronecker,
  title={Faster polynomial multiplication via multipoint Kronecker substitution},
  author={David Harvey},
  journal={Journal of Symbolic Computation},
  year={2009},
  volume={44},
  issue={10},
  doi={10.1016/j.jsc.2009.05.004}
}

@misc{A000142,
  author = {Peter Luschny},
  howpublished = {\url{https://oeis.org/A000142}},
  note = {Accessed: 2023-09-20},
  title = {Entry A000142 in The On-Line Encyclopedia of Integer Sequences},
  publisher = {OEIS Foundation Inc.},
  year = {2023}
}

@book{hardywright2008,
    author = {G. H. Hardy and E. M. Wright},
    title = {An Introduction to the Theory of Numbers},
    edition = {6th},
    publisher = {Oxford University Press},
    year = {2008},
    isbn = {978-0-19-921986-5},
}