@article{harveyvanderhoeven2021,
  title={Integer multiplication in time O(n log n)},
  author={David Harvey, Joris van Der Hoeven},
  journal={Annals of Mathematics},
  year={2021},
  doi={10.4007/annals.2021.193.2.4.hal-02070778v2}
}

@article{aks2002,
  title={Primes is in P},
  author={Agrawal, Manindra and Kayal, Neeraj and Saxena, Nitin},
  journal={Annals of Mathematics},
  pages={781--793},
  year={2002},
  publisher={JSTOR}
}

@book{goldreich2008,
  title={Computational Complexity: A Conceptual Perspective},
  author={Goldreich, Oded},
  year={2008},
  publisher={Cambridge University Press}
}

@article{wagstaff1983,
  title={Pseudoprimes and a generalization of Artin's conjecture},
  author={Wagstaff, Samuel S Jr},
  journal={Acta Arithmetica},
  volume={41},
  number={2},
  pages={141--150},
  year={1983},
  publisher={Institute of Mathematics Polish Academy of Sciences}
}

@article{lenstra1987,
  title={Factoring integers with elliptic curves},
  author={Lenstra, Hendrik W},
  journal={Annals of mathematics},
  pages={649--673},
  year={1987},
  publisher={JSTOR}
}

@article{pomerance1984,
  title={The use of elliptic curves in cryptography},
  author={Pomerance, Carl},
  journal={Advances in Cryptology},
  pages={203--208},
  year={1984},
  publisher={Springer}
}

@article{rabin1980,
  title={Probabilistic algorithm for testing primality},
  author={Rabin, Michael O},
  journal={Journal of Number Theory},
  volume={12},
  number={1},
  pages={128--138},
  year={1980},
  publisher={Elsevier}
}

@article{miller1976,
  title={Riemann's Hypothesis and Tests for Primality},
  author={Miller, Gary L},
  journal={Journal of Computer and System Sciences},
  volume={13},
  number={3},
  pages={300--317},
  year={1976},
  publisher={Elsevier}
}

@article{baillie1980,
  title={Lucas pseudoprimes},
  author={Baillie, Robert and Wagstaff, Samuel S Jr},
  journal={Mathematics of Computation},
  volume={35},
  number={152},
  pages={1391--1417},
  year={1980},
  publisher={American Mathematical Society}
}

@article{lenstra2011,
  title={Primality testing with Gaussian periods},
  author={Lenstra, Hendrik W and Pomerance, Carl},
  journal={Philosophical Transactions of the Royal Society A: Mathematical, Physical and Engineering Sciences},
  volume={369},
  number={1951},
  pages={3376--3390},
  year={2011},
  publisher={The Royal Society}
}

@book{hardy2008,
  title={An Introduction to the Theory of Numbers},
  author={Hardy, G. H. and Wright, E. M.},
  edition={6},
  year={2008},
  publisher={Oxford University Press}
}

@book{rosen2012,
  title={Discrete Mathematics and its Applications},
  author={Rosen, Kenneth H},
  edition={7},
  year={2012},
  publisher={McGraw-Hill Education}
}

@book{cormen2009introduction,
  title={Introduction to Algorithms},
  author={Cormen, Thomas H and Leiserson, Charles E and Rivest, Ronald L and Stein, Clifford},
  year={2009},
  publisher={MIT press}
}

@misc{githubrepo,
  author = {Joseph M. Shunia},
  howpublished = {\url{https://github.com/jshunia/Shunia.Primes}},
  note = {Accessed: December 4 2023},
  title = {A Sample .NET Implementation of the Primality Test},
  year = {2023}
}

@misc{shunia2023polynomial,
    title={A Polynomial Ring Connecting Central Binomial Coefficients and Gould's Sequence}, 
    author={Joseph M. Shunia},
    year={2023},
    eprint={arXiv:2312.00302},
    archivePrefix={arXiv},
    primaryClass={math.GM},
    url={https://arxiv.org/abs/2312.00302}
}

@article{kummer1857,
  author    = {Ernst Eduard Kummer},
  title     = {Ueber die Teilbarkeit der Zahlen durch ihre grössten gemeinschaftlichen Theiler},
  journal   = {Journal für die reine und angewandte Mathematik},
  volume    = {54},
  year      = {1857},
  pages     = {313--321},
  doi       = {10.1515/crll.1857.54.313},
  url       = {https://eudml.org/doc/148450},
}

@misc{oeisfermatpspbase2,
  author = {N. J. A. Sloane},
  howpublished = {\url{https://oeis.org/A001567}},
  note = {Fermat pseudoprimes to base 2},
  title = {Entry A001567 in The On-Line Encyclopedia of Integer Sequences},
  publisher = {OEIS Foundation Inc.},
  year = {2023}
}

@book{ogilvy1956binomial,
  title={Through the Mathescope},
  author={Ogilvy, C. S.},
  edition={13},
  year={1956},
  publisher={Oxford University Press, New York}
}

@article{robbins1982binomial,
  title={On The Number Of Binomial Coefficients Which Are Divisible By Their Row Number},
  author={Neville Robbins},
  journal={Canadian Mathematical Bulletin},
  volume={25},
  number={3},
  pages={363--365},
  year={1982},
  publisher={Cambridge University Press}
}

@book{niven2008introduction,
  title={An Introduction to the Theory of Numbers},
  author={Niven, Ivan and Zuckerman, Herbert S and Montgomery, Hugh L},
  year={2008},
  publisher={John Wiley \& Sons}
}