@book{stewart2007calculus,
  title={Calculus: Early Transcendentals},
  author={J. Stewart},
  year={2007},
  publisher={Cengage Learning}
}

@book{rosen2011discrete,
  title={{Discrete Mathematics and Its Applications}},
  author={K. H. Rosen},
  year={2011},
  publisher={McGraw-Hill Science/Engineering/Math}
}

@book{niven2008introduction,
  title={{An Introduction to the Theory of Numbers}},
  author={{I. Niven, H. S. Zuckerman, and H. L. Montgomery}},
  year={2008},
  publisher={John Wiley \& Sons}
}

@misc{arupinski,
  author = {{MathOverflow Users}},
  year = {2012},
  howpublished = {\url{https://mathoverflow.net/questions/91827}},
  title = {{MathOverflow: Application of polynomials with non-negative coefficients}},
  publisher = {mathoverflow.net}
}

@misc{jcook,
  author = {J. Cook},
  year = {2012},
  howpublished = {\url{https://johndcook.com/blog/2012/03/27/polynomial-trick}},
  note = {{Blog post}},
  title = {Polynomial determined by two inputs},
  publisher = {johndcook.com}
}

@book{cormen2009introduction,
  title={{Introduction to Algorithms}},
  author={{T. H. Cormen, C. E Leiserson, R. L. Rivest, C. Stein}},
  year={2009},
  publisher={MIT press}
}

@misc{A023037,
  author = {OEIS Foundation Inc.},
  howpublished = {\url{https://oeis.org/A023037}},
  title = {{Entry A023037 in The On-Line Encyclopedia of Integer Sequences}},
  publisher = {OEIS Foundation Inc.},
  year = {2024}
}

@book{burden2011numerical,
  title={Numerical Analysis},
  author={Burden, Richard L and Faires, J Douglas and Burden, Annette M},
  year={2011},
  publisher={Brooks/Cole, Cengage Learning},
  address={Boston, MA},
  edition={9th}
}

@book{kincaid2012numerical,
  title={Numerical Analysis: Mathematics of Scientific Computing},
  author={Kincaid, David R and Cheney, E Ward},
  year={2012},
  publisher={American Mathematical Soc.}
}

@article{berrut2004barycentric,
  title={Barycentric Lagrange Interpolation},
  author={J.P. Berrut and L. N. Trefethen},
  journal={SIAM Review},
  volume={46},
  number={3},
  pages={501--517},
  year={2004},
  publisher={SIAM},
  doi={10.1137/S0036144502417715}
}

@book{cheney2013course,
  title={{A Course in Approximation Theory}},
  author={{E. W. Cheney and W. A. Light}},
  year={2013},
  publisher={American Mathematical Soc.}
}

@book{graham1994concrete,
    title={{Concrete Mathematics: A Foundation For Computer Science}},
    author={{R. L. Graham, D. E. Knuth, and O. Patashnik}},
    year={1994},
    edition={2nd},
    publisher={Addison-Wesley Professional},
    isbn={978-0201558029}
}

@book{brualdi2010intro,
    title={{Introductory Combinatorics}},
    author={{R. A. Brualdi}},
    year={2017},
    edition={5th},
    publisher={Pearson},
    isbn={978-0134689616}
}

@book{koblitz1994course,
  title={{A Course in Number Theory and Cryptography}},
  author={N. Koblitz},
  year={1994},
  publisher={Springer-Verlag},
  edition={2nd}
}

@article{harveyvanderhoeven2021,
  title={{Integer Multiplication in Time O(n log n})},
  author={D. Harvey and J. van Der Hoeven},
  journal={Annals of Mathematics},
  year={2021},
  doi={10.4007/annals.2021.193.2.4.hal-02070778v2}
}

@misc{A000142,
  author = {P. Luschny},
  howpublished = {\url{https://oeis.org/A000142}},
  title = {{Entry A000142 in The On-Line Encyclopedia of Integer Sequences}},
  publisher = {OEIS Foundation Inc.},
  year = {2023}
}

@book{hardywright2008,
    author = {{G. H. Hardy and E. M. Wright}},
    title = {{An Introduction to the Theory of Numbers}},
    edition = {6th},
    publisher = {Oxford University Press},
    year = {2008},
    isbn = {978-0-19-921986-5},
}

@article{shamir1978factoring,
title = {{Factoring Numbers in O(log n) Arithmetic Steps}},
journal = {Information Processing Letters},
volume = {8},
number = {1},
pages = {28-31},
year = {1979},
issn = {0020-0190},
url = {https://sciencedirect.com/science/article/pii/0020019079900875},
author = {{A. Shamir}}
}

@misc{A002426,
  author = {OEIS Foundation Inc.},
  url = {https://oeis.org/A002426},
  title = {{Central Trinomial Coefficients - Entry A002426 in The On-Line Encyclopedia of Integer Sequences}},
  publisher = {OEIS Foundation Inc.},
  year = {2024}
}

@misc{A000045,
  author = {OEIS Foundation Inc.},
  url = {https://oeis.org/A000045},
  title = {{Fibonacci Numbers - Entry A000045 in The On-Line Encyclopedia of Integer Sequences}},
  publisher = {OEIS Foundation Inc.},
  year = {2024}
}

@misc{A000079,
  author = {OEIS Foundation Inc.},
  url = {https://oeis.org/A000079},
  title = {{Powers of 2 - Entry A000079 in The On-Line Encyclopedia of Integer Sequences}},
  publisher = {OEIS Foundation Inc.},
  year = {2024}
}

@misc{A000129,
  author = {OEIS Foundation Inc.},
  howpublished = {\url{https://oeis.org/A000129}},
  title = {{Pell Numbers - Entry A000129 in The On-Line Encyclopedia of Integer Sequences}},
  publisher = {OEIS Foundation Inc.},
  year = {2024}
}

@misc{A000984,
  author = {OEIS Foundation Inc.},
  url = {https://oeis.org/A000984},
  title = {{Central Binomial Coefficients - Entry A000984 in The On-Line Encyclopedia of Integer Sequences}},
  publisher = {OEIS Foundation Inc.},
  year = {2024}
}

@book{grimaldi2004discrete,
  title={{Discrete and Combinatorial Mathematics}},
  author={{R. P. Grimaldi}},
  year={2004},
  publisher={Pearson Education India},
  isbn={978-0321385024}
}

@book{petkovsek1996ab,
  title={{A=B}},
  author={{M. Petkovšek, H. S. Wilf, and D. Zeilberger}},
  year={1996},
  publisher={A K Peters/CRC Press},
  isbn={978-1568810638}
}

@article{hubbard2001roots,
  title={{How to Find All Roots of Complex Polynomials by Newton's Method}},
  author={{J. Hubbard, D. Schleicher, and S. Sutherland}},
  year={2001},
  journal={Inventiones mathematicae},
  volume={146},
  issue={1},
  pages={1-33},
  doi={10.1007/s002220100149}
}

@article{harvey2009kronecker,
  title={{Faster Polynomial Multiplication via Multipoint Kronecker Substitution}},
  author={{D. Harvey}},
  journal={Journal of Symbolic Computation},
  year={2009},
  volume={44},
  issue={10},
  doi={10.1016/j.jsc.2009.05.004}
}

@article{harvey2019faster,
    title = {{Faster Polynomial Multiplication Over Finite Fields Using Cyclotomic Coefficient Rings}},
    journal = {Journal of Complexity},
    volume = {54},
    year = {2019},
    issn = {0885-064X},
    url = {https://www.sciencedirect.com/science/article/pii/S0885064X19300378},
    author = {{D. Harvey and J. van der Hoeven}}
}

@article{kronecker1882,
    author = {{L. Kronecker}},
    journal = {Journal für die reine und angewandte Mathematik},
    language = {ger},
    pages = {1-122},
    title = {{Grundzüge einer arithmetischen Theorie der algebraischen Grössen. (Abdruck einer Festschrift zu Herrn E. E. Kummers Doctor-Jubiläum, 10. September 1881.).}},
    url = {http://eudml.org/doc/148487},
    volume = {92},
    year = {1882}
}

@article{dumas2011simulataneous,
    title = {{Simultaneous Modular Reduction and Kronecker Substitution for Small Finite Fields}},
    journal = {Journal of Symbolic Computation},
    volume = {46},
    number = {7},
    pages = {823-840},
    year = {2011},
    issn = {0747-7171},
    doi = {https://doi.org/10.1016/j.jsc.2010.08.015},
    url = {https://www.sciencedirect.com/science/article/pii/S0747717110001458},
    author = {{J. Dumas, L. Fousse, and B. Salvy}}
}

@misc{bos2020postquantum,
    author = {{J. W. Bos, J. Renes, and C. van Vredendaal}},
    title = {{Post-Quantum Cryptography with Contemporary Co-Processors: Beyond Kronecker, Schönhage-Strassen and Nussbaumer}},
    howpublished = {Cryptology ePrint Archive, Paper 2020/1303},
    year = {2020},
    url = {https://eprint.iacr.org/2020/1303}
}

@misc{greuet2022modular,
    author = {{A. Greuet, S. Montoya, and C. Vermeersch}},
    title = {{Modular Polynomial Multiplication Using RSA/ECC coprocessor}},
    howpublished = {Cryptology ePrint Archive, Paper 2022/879},
    year = {2022},
    url = {https://eprint.iacr.org/2022/879}
}

@misc{albrecht2018implementing,
    author = {{M. R. Albrecht, C. Hanser, A. Hoeller, T. Pöppelmann, F. Virdia, and A. Wallner}},
    title = {{Implementing RLWE-based Schemes Using an RSA Co-Processor}},
    howpublished = {Cryptology ePrint Archive, Paper 2018/425},
    year = {2018},
    url = {https://eprint.iacr.org/2018/425}
}

@misc{mathoverflow2012application,
  author = {{MathOverflow Users}},
  year = {2012},
  url = {https://mathoverflow.net/questions/91827},
  title = {{Application of Polynomials with Non-Negative Coefficients}},
  publisher = {MathOverflow},
  note = {MathOverflow Discussion}
}

@misc{jcook2012polynomial,
  author = {{J. D. Cook}},
  year = {2012},
  url = {https://johndcook.com/blog/2012/03/27/polynomial-trick},
  title = {{Polynomial Determined by Two Inputs}},
  publisher = {johndcook.com},
  note = {Blog Post}
}

@misc{reddit2023determine,
  author = {{Reddit Users}},
  year = {2023},
  url = {https://www.reddit.com/r/math/comments/yx0i7r/determine_a_polynomial_from_just_two_inputs},
  title = {{Determine a Polynomial from Just Two Inputs}},
  publisher = {Reddit},
  note = {Reddit Discussion}
}

@inproceedings{greuet2022quotient,
  author={{A. Greuet, S. Montoya, and C. Vermeersch}},
  booktitle={{2022 IEEE 29th Symposium on Computer Arithmetic (ARITH)}}, 
  title={Quotient Approximation Modular Reduction}, 
  year={2022},
  volume={},
  number={},
  pages={103-110},
  doi={10.1109/ARITH54963.2022.00028},
  url={https://ieeexplore.ieee.org/abstract/document/9974386}
}

@misc{hankin2015fibonacci,
  author = {{P. Hankin}},
  year = {2015},
  url = {https://blog.paulhankin.net/fibonacci},
  title = {{An Integer Formula for Fibonacci Numbers}},
  note = {Blog Post}
}

@misc{hankin2018fibonacci2,
  author = {{P. Hankin, F. Rideau}},
  year = {2018},
  url = {https://blog.paulhankin.net/fibonacci2},
  title = {{A Novel and Efficient Way to Compute Fibonacci Numbers}},
  note = {Blog Post}
}

@misc{shunia2023polynomial,
    title={{A Polynomial Ring Connecting Central Binomial Coefficients and Gould's Sequence}}, 
    author={{J. M. Shunia}},
    year={2023},
    eprint={2312.00302},
    archivePrefix={arXiv},
    primaryClass={math.GM},
    note={{Unpublished Preprint}},
    url = {https://arxiv.org/abs/2312.00302}
}

@article{kecies2013padic,
 ISSN = {03545180, 24060933},
 URL = {https://www.jstor.org/stable/24896372},
 author = {{M. Kecies and Z. Tahar}},
 journal = {Filomat},
 number = {3},
 pages = {429--434},
 publisher = {University of Nis, Faculty of Sciences and Mathematics},
 title = {{General Approach of the Root of a P-Adic Number}},
 volume = {27},
 year = {2013}
}

@article{pomerance1998sieves,
 URL = {https://www.ams.org/notices/199612/pomerance.pdf},
 author = {{C. Pomerance}},
 journal = {Notices of the American Mathematical Society},
 number = {12},
 volume = {43},
 pages = {1473-1484},
 publisher = {AMS},
 title = {{A Tale of Two Sieves}},
 year = {1996}
}

@article{robinson1952arithmetic,
author = {{J. Robinson}},
issn = {0002-9947},
journal = {Transactions of the American Mathematical Society},
language = {eng},
number = {3},
pages = {437-449},
publisher = {American Mathematical Society},
title = {{Existential Definability in Arithmetic}},
volume = {72},
year = {1952},
}

@article{herman1969elementary,
author = {{G. T. Herman}},
issn = {0002-9939},
journal = {Proceedings of the American Mathematical Society},
language = {eng},
number = {2},
pages = {557-562},
publisher = {American Mathematical Society},
title = {{A New Hierarchy of Elementary Functions}},
volume = {20},
year = {1969}
}

@article{mazzanti2002plainbases,
author = {{S. Mazzanti}},
address = {Berlin},
issn = {0942-5616},
journal = {Mathematical Logic Quarterly},
language = {eng},
number = {1},
pages = {93-104},
publisher = {WILEY-VCH Verlag Berlin GmbH},
title = {{Plain Bases for Classes of Primitive Recursive Functions}},
volume = {48},
year = {2002}
}

@article{grzegorczyk1953someclasses,
author = {{A. Grzegorczyk}},
journal = {Rozprawy Matematyczne},
language = {eng},
volume = {4},
title = {{Some Classes of Recursive Functions}},
year = {1953},
url = {http://matwbn.icm.edu.pl/ksiazki/rm/rm04/rm0401.pdf}
}

@article{boardman2004eggdropnumbers,
author = {{M. Boardman}},
title = {{The Egg-Drop Numbers}},
journal = {Mathematics Magazine},
volume = {77},
number = {5},
pages = {368--372},
year = {2004},
publisher = {Taylor \& Francis},
URL = {https://doi.org/10.1080/0025570X.2004.11953281}
}

@misc{wikipedia2024binomialcoefficient,
  author = {{Wikipedia Contributors}},
  title = {{Binomial Coefficient}},
  year = {2024},
  url = {https://en.wikipedia.org/wiki/Binomial_coefficient},
  note = {Wikipedia Article}
}

@book{gathen2013modern,
  title={{Modern Computer Algebra}},
  author={{J. von zur Gathen and J. Gerhard}},
  edition={3rd},
  year={2013},
  publisher={Cambridge University Press},
  isbn={978-1107039032},
}

@book{hawking2007integers,
  title={{God Created The Integers: The Mathematical Breakthroughs that Changed History}},
  author={{S. Hawking}},
  year={2007},
  publisher={Running Press Adult},
  isbn={978-0762430048},
}

@article{marchenkov2007superposition,
author = {{S. S. Marchenkov}},
address = {Dordrecht},
issn = {1990-4789},
journal = {Journal of Applied and Industrial Mathematics},
language = {eng},
number = {3},
pages = {351-360},
publisher = {Springer Nature B.V},
title = {{Superpositions of Elementary Arithmetic Functions}},
volume = {1},
year = {2007},
}

@article{matiyasevich1980diophantine,
author = {{Y. Matiyasevich}},
issn = {0090-4104},
journal = {Journal of Soviet Mathematics},
language = {eng},
number = {5},
pages = {1475-1486},
title = {{A New Proof of the Theorem on Exponential Diophantine Representation of Enumerable Sets}},
volume = {14},
year = {1980}
}

@article{prunescu2024factorial,
title = {{An Arithmetic Term for the Factorial Function}},
journal = {Examples and Counterexamples},
volume = {5},
year = {2024},
issn = {2666-657X},
url = {https://sciencedirect.com/science/article/pii/S2666657X24000028},
author = {{M. Prunescu and L. Sauras-Altuzarra}}
}

@misc{prunescu2024representation,
title={{On the Representation of C-Recursive Integer Sequences by Arithmetic Terms}}, 
author={M. Prunescu and L. Sauras-Altuzarra},
year={2024},
eprint={2405.04083},
archivePrefix={arXiv},
primaryClass={math.LO},
url={https://arxiv.org/abs/2405.04083}, 
}

@book{lin2004errorcontrol,
  title={{Error Control Coding}},
  author={{S. Lin and D. J. Costello}},
  year={2004},
  publisher={Pearson Prentice Hall},
  isbn={978-0130179736}
}

@misc{sauras2018thesis,
title={{Hypergeometric Closed Forms}}, 
author={L. Sauras-Altuzarra},
year={2018},
url={https://www.mat.univie.ac.at/~kratt/theses/sauras.pdf}, 
}