@misc{shunia2024polynomial,
    title={{Polynomial Quotient Rings and Kronecker Substitution for Deriving Combinatorial Identities}}, 
    author={{J. M. Shunia}},
    year={2024},
    eprint={2404.00332},
    archivePrefix={arXiv},
    primaryClass={math.GM},
    url={https://arxiv.org/abs/2404.00332}
}

@misc{A000045,
  author = {OEIS Foundation Inc.},
  howpublished = {\url{https://oeis.org/A000045}},
  title = {{Fibonacci Numbers - Entry A000045 in The On-Line Encyclopedia of Integer Sequences}},
  publisher = {OEIS Foundation Inc.},
  year = {2024}
}

@misc{A000129,
  author = {OEIS Foundation Inc.},
  howpublished = {\url{https://oeis.org/A000129}},
  title = {{Pell Numbers - Entry A000129 in The On-Line Encyclopedia of Integer Sequences}},
  publisher = {OEIS Foundation Inc.},
  year = {2024}
}

@misc{A000984,
  author = {OEIS Foundation Inc.},
  howpublished = {\url{https://oeis.org/A000984}},
  title = {{Central Binomial Coefficients - Entry A000984 in The On-Line Encyclopedia of Integer Sequences}},
  publisher = {OEIS Foundation Inc.},
  year = {2024}
}

@misc{shunia2023simple,
  title={{A Simple Formula for Single-Variable Multinomial Coefficients}}, 
  author={J. M. Shunia},
  year={2023},
  eprint={2312.00301},
  archivePrefix={arXiv},
  primaryClass={math.GM},
  url = {https://arxiv.org/abs/2312.00301}
}

@book{grimaldi2004discrete,
  title={Discrete and Combinatorial Mathematics},
  author={{R. P. Grimaldi}},
  year={2004},
  publisher={Pearson Education India},
  isbn={978-0321385024}
}

@article{harvey2009kronecker,
  title={{Faster Polynomial Multiplication via Multipoint Kronecker Substitution}},
  author={{D. Harvey}},
  journal={Journal of Symbolic Computation},
  year={2009},
  volume={44},
  issue={10},
  doi={10.1016/j.jsc.2009.05.004}
}

@misc{harvey2014faster,
      title={{Faster Polynomial Multiplication Over Finite Fields}}, 
      author={{D. Harvey, J. van der Hoeven, and G. Lecerf}},
      year={2014},
      eprint={1407.3361},
      archivePrefix={arXiv},
      primaryClass={cs.CC}
}

@article{kronecker1882,
    author = {{L. Kronecker}},
    journal = {Journal für die reine und angewandte Mathematik},
    language = {ger},
    pages = {1-122},
    title = {{Grundzüge einer arithmetischen Theorie der algebraischen Grössen. (Abdruck einer Festschrift zu Herrn E. E. Kummers Doctor-Jubiläum, 10. September 1881.).}},
    url = {http://eudml.org/doc/148487},
    volume = {92},
    year = {1882}
}

@article{dumas2011simulataneous,
    title = {{Simultaneous Modular Reduction and Kronecker Substitution for Small Finite Fields}},
    journal = {Journal of Symbolic Computation},
    volume = {46},
    number = {7},
    pages = {823-840},
    year = {2011},
    issn = {0747-7171},
    doi = {https://doi.org/10.1016/j.jsc.2010.08.015},
    url = {https://www.sciencedirect.com/science/article/pii/S0747717110001458},
    author = {{J. Dumas, L. Fousse, and B. Salvy}}
}

@misc{bos2020postquantum,
    author = {{J. W. Bos, J. Renes, C. van Vredendaal}},
    title = {{Post-Quantum Cryptography with Contemporary Co-Processors: Beyond Kronecker, Schönhage-Strassen and Nussbaumer}},
    howpublished = {Cryptology ePrint Archive, Paper 2020/1303},
    year = {2020},
    url = {https://eprint.iacr.org/2020/1303}
}

@misc{greuet2022modular,
    author = {{A. Greuet, S. Montoya, and C. Vermeersch}},
    title = {{Modular Polynomial Multiplication Using RSA/ECC coprocessor}},
    howpublished = {Cryptology ePrint Archive, Paper 2022/879},
    year = {2022},
    url = {https://eprint.iacr.org/2022/879}
}

@misc{albrecht2018implementing,
    author = {{M. R. Albrecht, C. Hanser, A. Hoeller, T. Pöppelmann, F. Virdia, and A. Wallner}},
    title = {{Implementing RLWE-based Schemes Using an RSA Co-Processor}},
    howpublished = {Cryptology ePrint Archive, Paper 2018/425},
    year = {2018},
    url = {https://eprint.iacr.org/2018/425}
}

@misc{mathoverflow2012application,
  author = {{Mathoverflow Users}},
  year = {2012},
  url = {https://mathoverflow.net/questions/91827},
  title = {{Application of Polynomials with Non-Negative Coefficients}},
  publisher = {MathOverflow},
  note = {MathOverflow Discussion}
}

@misc{jcook2012polynomial,
  author = {{J. D. Cook}},
  year = {2012},
  url = {https://johndcook.com/blog/2012/03/27/polynomial-trick},
  title = {{Polynomial Determined by Two Inputs}},
  publisher = {johndcook.com},
  note = {Blog Post}
}

@misc{reddit2023determine,
  author = {{Reddit Users}},
  year = {2023},
  url = {https://www.reddit.com/r/math/comments/yx0i7r/determine_a_polynomial_from_just_two_inputs},
  title = {{Determine a Polynomial from Just Two Inputs}},
  publisher = {Reddit},
  note = {Reddit Discussion}
}

@inproceedings{greuet2022quotient,
  author={{A. Greuet, S. Montoya, and C. Vermeersch}},
  booktitle={{2022 IEEE 29th Symposium on Computer Arithmetic (ARITH)}}, 
  title={Quotient Approximation Modular Reduction}, 
  year={2022},
  volume={},
  number={},
  pages={103-110},
  doi={10.1109/ARITH54963.2022.00028},
  url={https://ieeexplore.ieee.org/abstract/document/9974386}
}

@article{harvey2021nlogn,
  title={{Integer multiplication in time O(n log n)}},
  author={{D. Harvey, J. van Der Hoeven}},
  journal={Annals of Mathematics},
  year={2021},
  doi={10.4007/annals.2021.193.2.4.hal-02070778v2}
}

@article{prunescu2024factorial,
title = {{An Arithmetic Term for the Factorial Function}},
journal = {Examples and Counterexamples},
volume = {5},
pages = {100136},
year = {2024},
issn = {2666-657X},
url = {https://sciencedirect.com/science/article/pii/S2666657X24000028},
author = {{M. Prunescu and L. Sauras-Altuzarra}},
abstract = {As proved by Marchenkov and Mazzanti, every Kalmar function can be represented by arithmetic terms. We display one of such terms to represent the factorial function, and as a consequence, we get an example of an arithmetic term which represents a function whose image is the set of primes.}
}

@article{mazzanti2002plainbases,
author = {{S. Mazzanti}},
address = {Berlin},
issn = {0942-5616},
journal = {Mathematical Logic Quarterly},
language = {eng},
number = {1},
pages = {93-104},
publisher = {WILEY-VCH Verlag Berlin GmbH},
title = {{Plain Bases for Classes of Primitive Recursive Functions}},
volume = {48},
year = {2002}
}

@article{marchenkov2007superposition,
author = {{S. S. Marchenkov}},
address = {Dordrecht},
issn = {1990-4789},
journal = {Journal of Applied and Industrial Mathematics},
language = {eng},
number = {3},
pages = {351-360},
publisher = {Springer Nature B.V},
title = {{Superpositions of Elementary Arithmetic Functions}},
volume = {1},
year = {2007},
}

@article{marchenkov1980superposition,
author = {{S. S. Marchenkov}},
issn = {0001-4346},
journal = {Mathematical Notes of the Academy of Sciences of the USSR},
language = {eng},
number = {3},
pages = {161-166},
title = {{A Superposition Basis in the Class of Kal'mar Elementary Functions}},
volume = {27},
year = {1980}
}

@article{matiyasevich1980diophantine,
author = {{Y. V. Matiyasevich}},
issn = {0090-4104},
journal = {Journal of Soviet Mathematics},
language = {eng},
number = {5},
pages = {1475-1486},
title = {{A New Proof of the Theorem on Exponential Diophantine Representation of Enumerable Sets}},
volume = {14},
year = {1980}
}

@misc{volkov2016superposition,
  title={{Finite Bases with Respect to the Superposition in Classes of Elementary Recursive Functions, Dissertation}}, 
  author={{S. Volkov}},
  year={2016},
  eprint={1611.04843},
  archivePrefix={arXiv}
}

@article{davis1961diophantine,
author = {{M. Davis, H. Putnam, and J. Robinson}},
issn = {0003-486X},
journal = {Annals of Mathematics},
language = {eng},
number = {3},
pages = {425-436},
publisher = {Princeton University},
title = {{The Decision Problem for Exponential Diophantine Equations}},
volume = {74},
year = {1961}
}

@book{knuth1997art,
author = {D. E. Knuth},
title = {{The Art of Computer Programming, 3rd Edition}},
volume = {1},
year = {1997},
isbn = {0201896834},
publisher = {Addison Wesley Longman Publishing Co., Inc.},
address = {USA}
}

@article{rivest1978rsa,
author = {R. L. Rivest, A. Shamir, L. Adleman},
title = {{A Method for Obtaining Digital Signatures and Public-Key Cryptosystems}},
year = {1978},
publisher = {Association for Computing Machinery},
address = {New York, NY, USA},
volume = {21},
number = {2},
issn = {0001-0782},
url = {https://doi.org/10.1145/359340.359342},
journal = {Commun. ACM},
month = {feb},
pages = {120–126},
numpages = {7}
}

@book{matiyasevich1993hilbert,
  title={{Hilbert's Tenth Problem}},
  author={{Y. Matiyasevich}},
  isbn={0-262-13295-8},
  year={1993},
  publisher={MIT press}
}

@article{shamir1978factoring,
title = {{Factoring Numbers in O(log n) Arithmetic Steps}},
journal = {Information Processing Letters},
volume = {8},
number = {1},
pages = {28-31},
year = {1979},
issn = {0020-0190},
url = {https://sciencedirect.com/science/article/pii/0020019079900875},
author = {{A. Shamir}}
}

@article{herman1969elementary,
author = {{G. T. Herman}},
issn = {0002-9939},
journal = {Proceedings of the American Mathematical Society},
language = {eng},
number = {2},
pages = {557-562},
publisher = {American Mathematical Society},
title = {{A New Hierarchy of Elementary Functions}},
volume = {20},
year = {1969}
}